<record><leader>00000cas a2200000 a 4500</leader><controlfield tag="001">14912025</controlfield><controlfield tag="008">861202d1915193uilumr ne      0   a0eng c</controlfield><datafield ind1=" " ind2=" " tag="010"><subfield code="a">sn 86090453 </subfield></datafield><datafield ind1=" " ind2=" " tag="040"><subfield code="a">PPM</subfield><subfield code="b">eng</subfield><subfield code="c">PPM</subfield><subfield code="d">MGN</subfield><subfield code="d">DLC</subfield><subfield code="d">OCL</subfield><subfield code="d">NVF</subfield><subfield code="d">CUV</subfield><subfield code="d">OCLCA</subfield><subfield code="d">OCLCF</subfield><subfield code="d">NVF</subfield><subfield code="d">OCLCO</subfield><subfield code="d">OCL</subfield></datafield><datafield ind1=" " ind2=" " tag="019"><subfield code="a">27102179</subfield></datafield><datafield ind1=" " ind2=" " tag="042"><subfield code="a">pcc</subfield></datafield><datafield ind1=" " ind2=" " tag="043"><subfield code="a">n-us-il</subfield></datafield><datafield ind1="0" ind2=" " tag="130"><subfield code="a">Rail-splitter (Milan, Ill.)</subfield></datafield><datafield ind1="1" ind2="4" tag="245"><subfield code="a">The rail-splitter.</subfield></datafield><datafield ind1="3" ind2=" " tag="246"><subfield code="a">Rail splitter</subfield></datafield><datafield ind1="3" ind2=" " tag="246"><subfield code="a">Railsplitter</subfield></datafield><datafield ind1=" " ind2=" " tag="260"><subfield code="a">Milan, Ill. :</subfield><subfield code="b">Wm. L. Clark</subfield></datafield><datafield ind1=" " ind2=" " tag="300"><subfield code="a">v. :</subfield><subfield code="b">ill. ;</subfield><subfield code="c">56 cm.</subfield></datafield><datafield ind1=" " ind2=" " tag="310"><subfield code="a">Monthly</subfield></datafield><datafield ind1="1" ind2=" " tag="362"><subfield code="a">Began in 1915? Ceased in 1930s?</subfield></datafield><datafield ind1=" " ind2=" " tag="530"><subfield code="3">Jan. 1930.</subfield><subfield code="a">Harvard College Library Imaging Services.</subfield></datafield><datafield ind1=" " ind2=" " tag="588"><subfield code="a">Description based on: Vol. 7, no. 7 (Aug. 1922); title from caption.</subfield></datafield><datafield ind1=" " ind2=" " tag="588"><subfield code="a">Latest issue consulted: Vol. 19, no. 2 (Feb. 1934).</subfield></datafield><datafield ind1=" " ind2="0" tag="650"><subfield code="a">Anti-Catholicism</subfield><subfield code="z">Illinois</subfield><subfield code="z">Milan</subfield><subfield code="v">Newspapers.</subfield></datafield><datafield ind1=" " ind2="0" tag="651"><subfield code="a">Milan (Ill.)</subfield><subfield code="x">Religion</subfield><subfield code="v">Newspapers.</subfield></datafield><datafield ind1=" " ind2="7" tag="650"><subfield code="a">Anti-Catholicism.</subfield><subfield code="2">fast</subfield><subfield code="0">(OCoLC)fst00810287</subfield></datafield><datafield ind1=" " ind2="7" tag="650"><subfield code="a">Religion.</subfield><subfield code="2">fast</subfield><subfield code="0">(OCoLC)fst01093763</subfield></datafield><datafield ind1=" " ind2="7" tag="651"><subfield code="a">Illinois</subfield><subfield code="z">Milan.</subfield><subfield code="2">fast</subfield><subfield code="0">(OCoLC)fst01229077</subfield></datafield><datafield ind1=" " ind2="7" tag="655"><subfield code="a">Newspapers.</subfield><subfield code="2">fast</subfield><subfield code="0">(OCoLC)fst01423814</subfield></datafield><datafield ind1=" " ind2=" " tag="752"><subfield code="a">United States</subfield><subfield code="b">Illinois</subfield><subfield code="c">Rock Island County</subfield><subfield code="d">Milan.</subfield></datafield><datafield ind1="0" ind2="8" tag="776"><subfield code="i">Microfilm version:</subfield><subfield code="t">Rail-splitter (Milan, Ill.)</subfield><subfield code="w">(DLC)sn 86090453</subfield><subfield code="w">(OCoLC)57700330</subfield></datafield><datafield ind1="1" ind2=" " tag="029"><subfield code="a">AU@</subfield><subfield code="b">000020445428</subfield></datafield></record>